% Encoding: UTF-8

@Article{Zrnic1999,
  author    = {Dusan S. Zrnic and Alexander V. Ryzhkov},
  title     = {Polarimetry for Weather Surveillance Radars},
  journal   = {Bulletin of the American Meteorological Society},
  year      = {1999},
  volume    = {80},
  number    = {3},
  month     = {mar},
  pages     = {389--406},
  doi       = {10.1175/1520-0477(1999)080<0389:pfwsr>2.0.co;2},
  publisher = {American Meteorological Society},
  timestamp = {2018-12-03},
}

@Article{Vivekanandan1999,
  author    = {J. Vivekanandan and S. M. Ellis and R. Oye and D. S. Zrnic and A. V. Ryzhkov and J. Straka},
  title     = {Cloud Microphysics Retrieval Using S-band Dual-Polarization Radar Measurements},
  journal   = {Bulletin of the American Meteorological Society},
  year      = {1999},
  volume    = {80},
  number    = {3},
  month     = {mar},
  pages     = {381--388},
  doi       = {10.1175/1520-0477(1999)080<0381:cmrusb>2.0.co;2},
  publisher = {American Meteorological Society},
  timestamp = {2018-12-03},
}

@Article{Hoeller1994,
  author    = {H. HÃ¶ller and M. Hagen and P. F. Meischner and V. N. Bringi and J. Hubbert},
  title     = {Life Cycle and Precipitation Formation in a Hybrid-Type Hailstorm Revealed by Polarimetric and Doppler Radar Measurements},
  journal   = {Journal of the Atmospheric Sciences},
  year      = {1994},
  volume    = {51},
  number    = {17},
  month     = {sep},
  pages     = {2500--2522},
  doi       = {10.1175/1520-0469(1994)051<2500:lcapfi>2.0.co;2},
  publisher = {American Meteorological Society},
  timestamp = {2018-12-03},
}

@Article{Helmus2016,
  author    = {Jonathan J. Helmus and Scott M. Collis},
  title     = {The Python ARM Radar Toolkit (Py-ART), a Library for Working with Weather Radar Data in the Python Programming Language},
  journal   = {Journal of Open Research Software},
  year      = {2016},
  volume    = {4},
  month     = {jul},
  doi       = {10.5334/jors.119},
  publisher = {Ubiquity Press, Ltd.},
  timestamp = {2018-12-03},
}

@Conference{Straka1993,
  author    = {J. M. Straka and D. S. Zrnic},
  title     = {An algorithm to deduce hydrometeor types and contents from multiparameter radar data},
  booktitle = {26th International Confrence on Radar Meteorology},
  year      = {1993},
  publisher = {American Meteorological Society},
  location  = {Norman, OK},
  pages     = {513-515},
  timestamp = {2018-12-03},
}

@Article{Dolan2013,
  author    = {Brenda Dolan and Steven A. Rutledge and S. Lim and V. Chandrasekar and M. Thurai},
  title     = {A Robust C-Band Hydrometeor Identification Algorithm and Application to a Long-Term Polarimetric Radar Dataset},
  journal   = {Journal of Applied Meteorology and Climatology},
  year      = {2013},
  volume    = {52},
  number    = {9},
  month     = {sep},
  pages     = {2162--2186},
  doi       = {10.1175/jamc-d-12-0275.1},
  publisher = {American Meteorological Society},
  timestamp = {2018-12-03},
}

@Article{Elmore2011,
  author    = {Kimberly L. Elmore},
  title     = {The {NSSL} Hydrometeor Classification Algorithm in Winter Surface Precipitation: Evaluation and Future Development},
  journal   = {Weather and Forecasting},
  year      = {2011},
  volume    = {26},
  number    = {5},
  month     = {oct},
  pages     = {756--765},
  doi       = {10.1175/waf-d-10-05011.1},
  publisher = {American Meteorological Society},
  timestamp = {2018-12-03},
}

@Article{Elmore2014,
  author    = {Kimberly L. Elmore and Z. L. Flamig and V. Lakshmanan and B. T. Kaney and V. Farmer and Heather D. Reeves and Lans P. Rothfusz},
  title     = {MPING: Crowd-Sourcing Weather Reports for Research},
  journal   = {Bulletin of the American Meteorological Society},
  year      = {2014},
  volume    = {95},
  number    = {9},
  month     = {sep},
  pages     = {1335--1342},
  doi       = {10.1175/bams-d-13-00014.1},
  publisher = {American Meteorological Society},
  timestamp = {2018-12-03},
}

@Article{Elmore2015,
  author    = {Kimberly L. Elmore and Heather M. Grams and Deanna Apps and Heather D. Reeves},
  title     = {Verifying Forecast Precipitation Type with mPING},
  journal   = {Weather and Forecasting},
  year      = {2015},
  volume    = {30},
  number    = {3},
  month     = {jun},
  pages     = {656--667},
  doi       = {10.1175/waf-d-14-00068.1},
  publisher = {American Meteorological Society},
  timestamp = {2018-12-03},
}

@Article{Park2009,
  author    = {Hyang Suk Park and A. V. Ryzhkov and D. S. Zrni{\'{c}} and Kyung-Eak Kim},
  title     = {The Hydrometeor Classification Algorithm for the Polarimetric {WSR}-88D: Description and Application to an {MCS}},
  journal   = {Weather and Forecasting},
  year      = {2009},
  volume    = {24},
  number    = {3},
  month     = {jun},
  pages     = {730--748},
  doi       = {10.1175/2008waf2222205.1},
  publisher = {American Meteorological Society},
  timestamp = {2018-12-03},
}

@Article{Schuur2012,
  author    = {Terry J. Schuur and Hyang-Suk Park and Alexander V. Ryzhkov and Heather D. Reeves},
  title     = {Classification of Precipitation Types during Transitional Winter Weather Using the {RUC} Model and Polarimetric Radar Retrievals},
  journal   = {Journal of Applied Meteorology and Climatology},
  year      = {2012},
  volume    = {51},
  number    = {4},
  month     = {apr},
  pages     = {763--779},
  doi       = {10.1175/jamc-d-11-091.1},
  publisher = {American Meteorological Society},
  timestamp = {2018-12-03},
}

@Comment{jabref-meta: databaseType:biblatex;}
